02RETORNO01COBRANCA       34142000176656000000CRISDU MODA INTIMA LTDA       001BANCO DO BRASIL0909200000476                      000000672111035976  3073942                                                                                                                                                                                                                                              000001
70000000000000000341420001766563073942726643700                3073942000000104970006100AI 02700000000000 17020909201049                          091120000000000010000139373010000000000000000000000000000000000000000000000000000000000000000000000000000000000000000000000000000000000000000000000000000000000000000000000000000000000000          0000000000000000000000000000000000000000000000001000000002
7000000000000000034142000176656307394212345                    3073942001000342370004600AI 02700000000000 170209092010003423                      251020000000001028000106947010000000000000000000000000000000000000000000000000000000000000000000000000000000000000000000000000000000000000000000000000000000000000000000000000000000000000          0000000000000000000000000000000000000000000000001050000003
7000000000000000034142000176656307394212345                    3073942001000700670002500AI 02700000000000 170209092010007006                      041020000000001381600113110010000000000000000000000000000000000000000000000000000000000000000000000000000000000000000000000000000000000000000000000000000000000000000000000000000000000000          0000000000000000000000000000000000000000000000001050000004
7000000000000000034142000176656307394212345                    3073942001000707870002500AI 02700000000000 170209092010007078                      041020000000000794100116861010000000000000000000000000000000000000000000000000000000000000000000000000000000000000000000000000000000000000000000000000000000000000000000000000000000000000          0000000000000000000000000000000000000000000000001000000005
7000000000000000034142000176656307394212345                    3073942001000751870001100AI 02700000000000 170209092010007518                      20092000000000116820013164X010000000000000000000000000000000000000000000000000000000000000000000000000000000000000000000000000000000000000000000000000000000000000000000000000000000000000          0000000000000000000000000000000000000000000000001050000006
7000000000000000034142000176656307394212345                    3073942001000886470003100AI 02700000000000 170209092010008864                      10102000000000096130011219X010000000000000000000000000000000000000000000000000000000000000000000000000000000000000000000000000000000000000000000000000000000000000000000000000000000000000          0000000000000000000000000000000000000000000000001050000007
7000000000000000034142000176656307394212345                    3073942001001023870002700AI 02700000000000 170209092010010238                      061020000000001895200105657010000000000000000000000000000000000000000000000000000000000000000000000000000000000000000000000000000000000000000000000000000000000000000000000000000000000000          0000000000000000000000000000000000000000000000001000000008
7000000000000000034142000176656307394212345                    3073942001001178470003500AI 02700000000000 170209092010011784                      141020000000001254500131747010000000000000000000000000000000000000000000000000000000000000000000000000000000000000000000000000000000000000000000000000000000000000000000000000000000000000          0000000000000000000000000000000000000000000000001000000009
7000000000000000034142000176656307394212345                    3073942001001183070002600AI 02700000000000 170209092010011830                      051020000000001104200114362010000000000000000000000000000000000000000000000000000000000000000000000000000000000000000000000000000000000000000000000000000000000000000000000000000000000000          0000000000000000000000000000000000000000000000001000000010
7000000000000000034142000176656307394212345                    3073942001001291470002100AI 02700000000000 170209092010012914                      300920000000002015800125771010000000000000000000000000000000000000000000000000000000000000000000000000000000000000000000000000000000000000000000000000000000000000000000000000000000000000          0000000000000000000000000000000000000000000000001000000011
7000000000000000034142000176656307394212345                    3073942001001362270003100AI 02700000000000 170209092010013622                      101020000000000946200103913010000000000000000000000000000000000000000000000000000000000000000000000000000000000000000000000000000000000000000000000000000000000000000000000000000000000000          0000000000000000000000000000000000000000000000001000000012
7000000000000000034142000176656307394212345                    3073942001001381270002500AI 02700000000000 170209092010013812                      041020000000000651500111363010000000000000000000000000000000000000000000000000000000000000000000000000000000000000000000000000000000000000000000000000000000000000000000000000000000000000          0000000000000000000000000000000000000000000000001000000013
7000000000000000034142000176656307394212345                    3073942001001403870003600AI 02700000000000 170209092010014038                      151020000000001125300103522010000000000000000000000000000000000000000000000000000000000000000000000000000000000000000000000000000000000000000000000000000000000000000000000000000000000000          0000000000000000000000000000000000000000000000001000000014
7000000000000000034142000176656307394212345                    3073942001001419870003200AI 02700000000000 170209092010014198                      111020000000001135200102011010000000000000000000000000000000000000000000000000000000000000000000000000000000000000000000000000000000000000000000000000000000000000000000000000000000000000          0000000000000000000000000000000000000000000000001000000015
7000000000000000034142000176656307394212345                    3073942001001462870001200AI 02700000000000 170209092010014628                      210920000000003900000137397010000000000000000000000000000000000000000000000000000000000000000000000000000000000000000000000000000000000000000000000000000000000000000000000000000000000000          0000000000000000000000000000000000000000000000001000000016
7000000000000000034142000176656307394212345                    3073942001001462970000600AI 02700000000000 170209092010014629                      150920000000001500000137397010000000000000000000000000000000000000000000000000000000000000000000000000000000000000000000000000000000000000000000000000000000000000000000000000000000000000          0000000000000000000000000000000000000000000000001000000017
7000000000000000034142000176656307394212345                    3073942001001463070000200AI 02700000000000 170209092010014630                      110920000000000195800100205010000000000000000000000000000000000000000000000000000000000000000000000000000000000000000000000000000000000000000000000000000000000000000000000000000000000000          0000000000000000000000000000000000000000000000001050000018
7000000000000000034142000176656307394212345                    3073942001001463170000200AI 02700000000000 170209092010014631                      110920000000003200000102615010000000000000000000000000000000000000000000000000000000000000000000000000000000000000000000000000000000000000000000000000000000000000000000000000000000000000          0000000000000000000000000000000000000000000000001000000019
7000000000000000034142000176656307394212345                    3073942001001463270000200AI 02700000000000 170209092010014632                      110920000000000700000102615010000000000000000000000000000000000000000000000000000000000000000000000000000000000000000000000000000000000000000000000000000000000000000000000000000000000000          0000000000000000000000000000000000000000000000001000000020
7000000000000000034142000176656307394212345                    3073942001001463370000600AI 02700000000000 170209092010014633                      150920000000001725000100205010000000000000000000000000000000000000000000000000000000000000000000000000000000000000000000000000000000000000000000000000000000000000000000000000000000000000          0000000000000000000000000000000000000000000000001000000021
7000000000000000034142000176656307394212345                    3073942001001464370000600AI 02700000000000 170209092010014643                      150920000000001775800126476010000000000000000000000000000000000000000000000000000000000000000000000000000000000000000000000000000000000000000000000000000000000000000000000000000000000000          0000000000000000000000000000000000000000000000001050000022
7000000000000000034142000176656307394212345                    3073942001001464870000500AI 02700000000000 170209092010014648                      140920000000003800000113803010000000000000000000000000000000000000000000000000000000000000000000000000000000000000000000000000000000000000000000000000000000000000000000000000000000000000          0000000000000000000000000000000000000000000000001000000023
7000000000000000034142000176656307394212345                    3073942001001464970000500AI 02700000000000 170209092010014649                      140920000000000950000113803010000000000000000000000000000000000000000000000000000000000000000000000000000000000000000000000000000000000000000000000000000000000000000000000000000000000000          0000000000000000000000000000000000000000000000001000000024
7000000000000000034142000176656307394212345                    3073942001001465070000900AI 02700000000000 170209092010014650                      180920000000000888100105711010000000000000000000000000000000000000000000000000000000000000000000000000000000000000000000000000000000000000000000000000000000000000000000000000000000000000          0000000000000000000000000000000000000000000000001000000025
7000000000000000034142000176656307394212345                    3073942001001465270000500AI 02700000000000 170209092010014652                      140920000000000930000114362010000000000000000000000000000000000000000000000000000000000000000000000000000000000000000000000000000000000000000000000000000000000000000000000000000000000000          0000000000000000000000000000000000000000000000001000000026
7000000000000000034142000176656307394212345                    3073942001001465370000200AI 02700000000000 170209092010014653                      110920000000001650000131747010000000000000000000000000000000000000000000000000000000000000000000000000000000000000000000000000000000000000000000000000000000000000000000000000000000000000          0000000000000000000000000000000000000000000000001050000027
7000000000000000034142000176656307394212345                    3073942001001465470000600AI 02700000000000 170209092010014654                      150920000000001389600103492010000000000000000000000000000000000000000000000000000000000000000000000000000000000000000000000000000000000000000000000000000000000000000000000000000000000000          0000000000000000000000000000000000000000000000001000000028
7000000000000000034142000176656307394212345                    3073942001001465570000200AI 02700000000000 170209092010014655                      110920000000001315400126387010000000000000000000000000000000000000000000000000000000000000000000000000000000000000000000000000000000000000000000000000000000000000000000000000000000000000          0000000000000000000000000000000000000000000000001000000029
7000000000000000034142000176656307394212345                    3073942001001465870002100AI 02700000000000 170209092010014658                      300920000000001536400130368010000000000000000000000000000000000000000000000000000000000000000000000000000000000000000000000000000000000000000000000000000000000000000000000000000000000000          0000000000000000000000000000000000000000000000001000000030
7000000000000000034142000176656307394212345                    3073942001001466270002100AI 02700000000000 170209092010014662                      300920000000001534300130368010000000000000000000000000000000000000000000000000000000000000000000000000000000000000000000000000000000000000000000000000000000000000000000000000000000000000          0000000000000000000000000000000000000000000000001000000031
7000000000000000034142000176656307394212345                    3073942001001466770002100AI 02700000000000 170209092010014667                      300920000000001308900130368010000000000000000000000000000000000000000000000000000000000000000000000000000000000000000000000000000000000000000000000000000000000000000000000000000000000000          0000000000000000000000000000000000000000000000001000000032
7000000000000000034142000176656307394212345                    3073942001001466970001200AI 02700000000000 170209092010014669                      210920000000001878600109261010000000000000000000000000000000000000000000000000000000000000000000000000000000000000000000000000000000000000000000000000000000000000000000000000000000000000          0000000000000000000000000000000000000000000000001000000033
7000000000000000034142000176656307394212345                    3073942001001467270000600AI 02700000000000 170209092010014672                      15092000000000170000010619X010000000000000000000000000000000000000000000000000000000000000000000000000000000000000000000000000000000000000000000000000000000000000000000000000000000000000          0000000000000000000000000000000000000000000000001000000034
7000000000000000034142000176656307394212345                    3073942001001467370000600AI 02700000000000 170209092010014673                      150920000000001104800114362010000000000000000000000000000000000000000000000000000000000000000000000000000000000000000000000000000000000000000000000000000000000000000000000000000000000000          0000000000000000000000000000000000000000000000001000000035
7000000000000000034142000176656307394212345                    3073942001001467470001200AI 02700000000000 170209092010014674                      210920000000001520900100094010000000000000000000000000000000000000000000000000000000000000000000000000000000000000000000000000000000000000000000000000000000000000000000000000000000000000          0000000000000000000000000000000000000000000000001000000036
7000000000000000034142000176656307394212345                    3073942001001467570000600AI 02700000000000 170209092010014675                      150920000000000500000102534010000000000000000000000000000000000000000000000000000000000000000000000000000000000000000000000000000000000000000000000000000000000000000000000000000000000000          0000000000000000000000000000000000000000000000001000000037
7000000000000000034142000176656307394212345                    3073942001001467670001200AI 02700000000000 170209092010014676                      21092000000000150000014105X010000000000000000000000000000000000000000000000000000000000000000000000000000000000000000000000000000000000000000000000000000000000000000000000000000000000000          0000000000000000000000000000000000000000000000001000000038
7000000000000000034142000176656307394212345                    3073942001001467770001200AI 02700000000000 170209092010014677                      21092000000000070000014105X010000000000000000000000000000000000000000000000000000000000000000000000000000000000000000000000000000000000000000000000000000000000000000000000000000000000000          0000000000000000000000000000000000000000000000001000000039
7000000000000000034142000176656307394212345                    3073942001001467870000200AI 02700000000000 170209092010014678                      11092000000000150000011219X010000000000000000000000000000000000000000000000000000000000000000000000000000000000000000000000000000000000000000000000000000000000000000000000000000000000000          0000000000000000000000000000000000000000000000001050000040
7000000000000000034142000176656307394212345                    3073942001001467970000200AI 02700000000000 170209092010014679                      110920000000000775900132573010000000000000000000000000000000000000000000000000000000000000000000000000000000000000000000000000000000000000000000000000000000000000000000000000000000000000          0000000000000000000000000000000000000000000000001050000041
7000000000000000034142000176656307394212345                    3073942001001468070000700AI 02700000000000 170209092010014680                      160920000000000600000101236010000000000000000000000000000000000000000000000000000000000000000000000000000000000000000000000000000000000000000000000000000000000000000000000000000000000000          0000000000000000000000000000000000000000000000001050000042
7000000000000000034142000176656307394212345                    3073942001001468170000100AI 02700000000000 170209092010014681                      100920000000003900000108834010000000000000000000000000000000000000000000000000000000000000000000000000000000000000000000000000000000000000000000000000000000000000000000000000000000000000          0000000000000000000000000000000000000000000000001000000043
7000000000000000034142000176656307394212345                    3073942001001468270000600AI 02700000000000 170209092010014682                      150920000000003281200109261010000000000000000000000000000000000000000000000000000000000000000000000000000000000000000000000000000000000000000000000000000000000000000000000000000000000000          0000000000000000000000000000000000000000000000001000000044
7000000000000000034142000176656307394212345                    3073942001001468370000600AI 02700000000000 170209092010014683                      150920000000001018800109261010000000000000000000000000000000000000000000000000000000000000000000000000000000000000000000000000000000000000000000000000000000000000000000000000000000000000          0000000000000000000000000000000000000000000000001000000045
7000000000000000034142000176656307394212345                    3073942001001468470000100AI 02700000000000 170209092010014684                      100920000000000800000126131010000000000000000000000000000000000000000000000000000000000000000000000000000000000000000000000000000000000000000000000000000000000000000000000000000000000000          0000000000000000000000000000000000000000000000001050000046
7000000000000000034142000176656307394212345                    3073942001001468570000100AI 02700000000000 170209092010014685                      100920000000000280000126131010000000000000000000000000000000000000000000000000000000000000000000000000000000000000000000000000000000000000000000000000000000000000000000000000000000000000          0000000000000000000000000000000000000000000000001050000047
7000000000000000034142000176656307394212345                    3073942001001468670000200AI 02700000000000 170209092010014686                      110920000000000266200102615010000000000000000000000000000000000000000000000000000000000000000000000000000000000000000000000000000000000000000000000000000000000000000000000000000000000000          0000000000000000000000000000000000000000000000001050000048
7000000000000000034142000176656307394212345                    3073942001001468770001900AI 02700000000000 170209092010014687                      280920000000001648100103263010000000000000000000000000000000000000000000000000000000000000000000000000000000000000000000000000000000000000000000000000000000000000000000000000000000000000          0000000000000000000000000000000000000000000000001050000049
7000000000000000034142000176656307394212345                    3073942001001469070000900AI 02700000000000 170209092010014690                      180920000000000600000123736010000000000000000000000000000000000000000000000000000000000000000000000000000000000000000000000000000000000000000000000000000000000000000000000000000000000000          0000000000000000000000000000000000000000000000001000000050
7000000000000000034142000176656307394212345                    3073942001001469170000200AI 02700000000000 170209092010014691                      110920000000002100000105665010000000000000000000000000000000000000000000000000000000000000000000000000000000000000000000000000000000000000000000000000000000000000000000000000000000000000          0000000000000000000000000000000000000000000000001050000051
7000000000000000034142000176656307394212345                    3073942001001469270000600AI 02700000000000 170209092010014692                      150920000000001500000100841010000000000000000000000000000000000000000000000000000000000000000000000000000000000000000000000000000000000000000000000000000000000000000000000000000000000000          0000000000000000000000000000000000000000000000001000000052
7000000000000000034142000176656307394212345                    3073942001001469370001200AI 02700000000000 170209092010014693                      21092000000000137660011219X010000000000000000000000000000000000000000000000000000000000000000000000000000000000000000000000000000000000000000000000000000000000000000000000000000000000000          0000000000000000000000000000000000000000000000001050000053
7000000000000000034142000176656307394212345                    3073942001001469870002100AI 02700000000000 170209092010014698                      300920000000001460400105673010000000000000000000000000000000000000000000000000000000000000000000000000000000000000000000000000000000000000000000000000000000000000000000000000000000000000          0000000000000000000000000000000000000000000000001000000054
7000000000000000034142000176656307394212345                    3073942001000862470000101AI 02700000000000 170609092010008624                      100920000000000997204102850011009200000186000000000000000000000000000000000000000000000000000000000000000000000000009972000000000000000000000000000000000000000000000000978620000000000000          0000000000000000000000000000000000000000000000001010000055
7000000000000000034142000176656307394212345                    3073942001001271770000201AI 02700000000000 170609092010012717                      070920000000002745334199260011009200000186000000000000000000000000000000000000000000000000000000000000000000000000027453000000000000000000000000000000000000000000000002726720000000000000          0000000000000000000000000000000000000000000000001010000056
7000000000000000034142000176656307394212345                    3073942001001292370000101AI 02700000000000 170609092010012923                      080920000000002500023700500011009200000186000000000000000000000000000000000000000000000000000000000000000000000000025000000000000000000000000000000000000000000000000002481420000000000000          0000000000000000000000000000000000000000000000001010000057
7000000000000000034142000176656307394212345                    3073942001001325470000101AI 02700000000000 170609092010013254                      100920000000000889010404910011009200000186000000000000000000000000000000000000000000000000000000000000000000000000008890000000000000000000000000000000000000000000000000870420000000000000          0000000000000000000000000000000000000000000000001010000058
7000000000000000034142000176656307394212345                    3073942001001342870000101AI 02700000000000 170609092010013428                      080920000000000869410435910011009200000186000000000000000000000000000000000000000000000000000000000000000000000000008694000000000000000000000000000000000000000000000000850820000000000000          0000000000000000000000000000000000000000000000001010000059
7000000000000000034142000176656307394212345                    3073942001001348070000101AI 02700000000000 170609092010013480                      080920000000001500063300010011009200000186000000000000000000000000000000000000000000000000000000000000000000000000015000000000000000000000000000000000000000000000000001481420000000000000          0000000000000000000000000000000000000000000000001010000060
7000000000000000034142000176656307394212345                    3073942001001357670000101AI 02700000000000 170609092010013576                      080920000000000729203311410011009200000186000000000000000000000000000000000000000000000000000000000000000000000000007292000000000000000000000000000000000000000000000000710620000000000000          0000000000000000000000000000000000000000000000001010000061
7000000000000000034142000176656307394212345                    3073942001001364070000601AI 02700000000000 170609092010013640                      150920000000002525000102534011009200000186000000000000000000000000000000000000000000000000000000000000000000000000025250000000000000000000000000000000000000000000000002506420000000000000          0000000000000000000000000000000000000000000000001006000062
7000000000000000034142000176656307394212345                    3073942001001386770000101AI 02700000000000 170609092010013867                      100920000000001000010433200011009200000186000000000000000000000000000000000000000000000000000000000000000000000000010000000000000000000000000000000000000000000000000000981420000000000000          0000000000000000000000000000000000000000000000001010000063
7000000000000000034142000176656307394212345                    3073942001001386870000101AI 02700000000000 170609092010013868                      100920000000002057110433200011009200000186000000000000000000000000000000000000000000000000000000000000000000000000020571000000000000000000000000000000000000000000000002038520000000000000          0000000000000000000000000000000000000000000000001010000064
7000000000000000034142000176656307394212345                    3073942001001394770000101AI 02700000000000 170609092010013947                      100920000000001500065500010011009200000186000000000000000000000000000000000000000000000000000000000000000000000000015000000000000000000000000000000000000000000000000001481420000000000000          0000000000000000000000000000000000000000000000001010000065
7000000000000000034142000176656307394212345                    3073942001001396870000101AI 02700000000000 170609092010013968                      100920000000001647110406830011009200000186000000000000000000000000000000000000000000000000000000000000000000000000016471000000000000000000000000000000000000000000000001628520000000000000          0000000000000000000000000000000000000000000000001010000066
7000000000000000034142000176656307394212345                    3073942001001397270000101AI 02700000000000 170609092010013972                      100920000000000991010406830011009200000186000000000000000000000000000000000000000000000000000000000000000000000000009910000000000000000000000000000000000000000000000000972420000000000000          0000000000000000000000000000000000000000000000001010000067
7000000000000000034142000176656307394212345                    3073942001001397470000101AI 02700000000000 170609092010013974                      100920000000001200010431900011009200000186000000000000000000000000000000000000000000000000000000000000000000000000012000000000000000000000000000000000000000000000000001181420000000000000          0000000000000000000000000000000000000000000000001010000068
7000000000000000034142000176656307394212345                    3073942001001402170000101AI 02700000000000 170609092010014021                      100920000000001200004106070011009200000186000000000000000000000000000000000000000000000000000000000000000000000000012000000000000000000000000000000000000000000000000001181420000000000000          0000000000000000000000000000000000000000000000001010000069
7000000000000000034142000176656307394212345                    3073942001001425670000101AI 02700000000000 170609092010014256                      100920000000001300010415490011009200000186000000000000000000000000000000000000000000000000000000000000000000000000013000000000000000000000000000000000000000000000000001281420000000000000          0000000000000000000000000000000000000000000000001010000070
7000000000000000034142000176656307394212345                    3073942001001440670000001AI 02700000000000 170609092010014406                      090920000000001306510405340011009200000186000000000000000000000000000000000000000000000000000000000000000000000000013065000000000000000000000000000000000000000000000001287920000000000000          0000000000000000000000000000000000000000000000001010000071
7000000000000000034142000176656307394212345                    3073942001001440970000001AI 02700000000000 170609092010014409                      090920000000000880200114893011009200000186000000000000000000000000000000000000000000000000000000000000000000000000008802000000000000000000000000000000000000000000000000861620000000000000          0000000000000000000000000000000000000000000000001006000072
7000000000000000034142000176656307394212345                    3073942001001444470000201AI 02700000000000 170609092010014444                      110920000000001258634127800011009200000186000000000000000000000000000000000000000000000000000000000000000000000000012586000000000000000000000000000000000000000000000001240020000000000000          0000000000000000000000000000000000000000000000001010000073
7000000000000000034142000176656307394212345                    3073942001001448470000001AI 02700000000000 170609092010014484                      090920000000001650010413150011009200000186000000000000000000000000000000000000000000000000000000000000000000000000016500000000000000000000000000000000000000000000000001631420000000000000          0000000000000000000000000000000000000000000000001010000074
7000000000000000034142000176656307394212345                    3073942001001450970000201AI 02700000000000 170609092010014509                      110920000000000730010406180011009200000186000000000000000000000000000000000000000000000000000000000000000000000000007300000000000000000000000000000000000000000000000000711420000000000000          0000000000000000000000000000000000000000000000001010000075
7000000000000000034142000176656307394212345                    3073942001001451070000201AI 02700000000000 170609092010014510                      110920000000000700010406180011009200000186000000000000000000000000000000000000000000000000000000000000000000000000007000000000000000000000000000000000000000000000000000681420000000000000          0000000000000000000000000000000000000000000000001010000076
7000000000000000034142000176656307394212345                    3073942001001451470000201AI 02700000000000 170609092010014514                      110920000000000913003322710011009200000186000000000000000000000000000000000000000000000000000000000000000000000000009130000000000000000000000000000000000000000000000000894420000000000000          0000000000000000000000000000000000000000000000001010000077
7000000000000000034142000176656307394212345                    3073942001001451670000001AI 02700000000000 170609092010014516                      090920000000000470063300010011009200000186000000000000000000000000000000000000000000000000000000000000000000000000004700000000000000000000000000000000000000000000000000451420000000000000          0000000000000000000000000000000000000000000000001010000078
7000000000000000034142000176656307394212345                    3073942001001452070000001AI 02700000000000 170609092010014520                      090920000000000520063300010011009200000186000000000000000000000000000000000000000000000000000000000000000000000000005200000000000000000000000000000000000000000000000000501420000000000000          0000000000000000000000000000000000000000000000001010000079
7000000000000000034142000176656307394212345                    3073942001001453570000201AI 02700000000000 170609092010014535                      110920000000001000010400640011009200000186000000000000000000000000000000000000000000000000000000000000000000000000010000000000000000000000000000000000000000000000000000981420000000000000          0000000000000000000000000000000000000000000000001010000080
7000000000000000034142000176656307394212345                    3073942001001455170000101AI 02700000000000 170609092010014551                      100920000000001100010431960011009200000186000000000000000000000000000000000000000000000000000000000000000000000000011000000000000000000000000000000000000000000000000001081420000000000000          0000000000000000000000000000000000000000000000001010000081
7000000000000000034142000176656307394212345                    3073942001001456870000001AI 02700000000000 170609092010014568                      090920000000001200010428480011009200000186000000000000000000000000000000000000000000000000000000000000000000000000012000000000000000000000000000000000000000000000000001181420000000000000          0000000000000000000000000000000000000000000000001010000082
7000000000000000034142000176656307394212345                    3073942001001457270000201AI 02700000000000 170609092010014572                      110920000000001488200102569011009200000186000000000000000000000000000000000000000000000000000000000000000000000000014882000000000000000000000000000000000000000000000001469620000000000000          0000000000000000000000000000000000000000000000001007000083
7000000000000000034142000176656307394212345                    3073942001001458170000201AI 02700000000000 170609092010014581                      110920000000000576500111517011009200000186000000000000000000000000000000000000000000000000000000000000000000000000005765000000000000000000000000000000000000000000000000557920000000000000          0000000000000000000000000000000000000000000000001001000084
7000000000000000034142000176656307394212345                    3073942001001463370000601AI 02700000000000 170609092010014633                      150920000000001725026000010011009200000186000000000000000000000000000000000000000000000000000000000000000000000000017250000000000000000000000000000000000000000000000001706420000000000000          0000000000000000000000000000000000000000000000001010000085
7000000000000000034142000176656307394212345                    3073942001001465370000201AI 02700000000000 170609092010014653                      110920000000001650023703470011009200000186000000000000000000000000000000000000000000000000000000000000000000000000016500000000000000000000000000000000000000000000000001631420000000000000          0000000000000000000000000000000000000000000000001010000086
7000000000000000034142000176656307394212345                    3073942001001465470000601AI 02700000000000 170609092010014654                      150920000000001389623757640011009200000186000000000000000000000000000000000000000000000000000000000000000000000000013896000000000000000000000000000000000000000000000001371020000000000000          0000000000000000000000000000000000000000000000001010000087
7000000000000000034142000176656307394212345                    3073942001001467570000601AI 02700000000000 170609092010014675                      150920000000000500000102534011009200000186000000000000000000000000000000000000000000000000000000000000000000000000005000000000000000000000000000000000000000000000000000481420000000000000          0000000000000000000000000000000000000000000000001006000088
7000000000000000034142000176656307394212345                    3073942001001467970000201AI 02700000000000 170609092010014679                      110920000000000775908510270011009200000186000000000000000000000000000000000000000000000000000000000000000000000000007759000000000000000000000000000000000000000000000000757320000000000000          0000000000000000000000000000000000000000000000001010000089
7000000000000000034142000176656307394212345                    3073942001001468170000101AI 02700000000000 170609092010014681                      100920000000003900026000010011009200000186000000000000000000000000000000000000000000000000000000000000000000000000039000000000000000000000000000000000000000000000000003881420000000000000          0000000000000000000000000000000000000000000000001010000090
7000000000000000034142000176656307394212345                    3073942001000813770003590AI 02700000000000 170909092010008137                      050820000000001289400126174010000000000000000000000000000000000000000000000000000000000000000000000000000000000000000000000000000000000000000000000000000000000000000000000000000000000000          0000000000000000000000000000000000000000000000000000000091
7000000000000000034142000176656307394212345                    3073942001000842370003590AI 02700000000000 170909092010008423                      050820000000001051000107544010000000000000000000000000000000000000000000000000000000000000000000000000000000000000000000000000000000000000000000000000000000000000000000000000000000000000          0000000000000000000000000000000000000000000000000000000092
7000000000000000034142000176656307394212345                    3073942001000901270003590AI 02700000000000 170909092010009012                      050820000000001061100114834010000000000000000000000000000000000000000000000000000000000000000000000000000000000000000000000000000000000000000000000000000000000000000000000000000000000000          0000000000000000000000000000000000000000000000000000000093
7000000000000000034142000176656307394212345                    3073942001001116670003590AI 02700000000000 170909092010011166                      050820000000002172400107080010000000000000000000000000000000000000000000000000000000000000000000000000000000000000000000000000000000000000000000000000000000000000000000000000000000000000          0000000000000000000000000000000000000000000000000000000094
7000000000000000034142000176656307394212345                    3073942001001123070003590AI 02700000000000 170909092010011230                      050820000000001025000102615010000000000000000000000000000000000000000000000000000000000000000000000000000000000000000000000000000000000000000000000000000000000000000000000000000000000000          0000000000000000000000000000000000000000000000000000000095
7000000000000000034142000176656307394212345                    3073942001001123470003590AI 02700000000000 170909092010011234                      050820000000001000000102615010000000000000000000000000000000000000000000000000000000000000000000000000000000000000000000000000000000000000000000000000000000000000000000000000000000000000          0000000000000000000000000000000000000000000000000000000096
7000000000000000034142000176656307394212345                    3073942001001134070003590AI 02700000000000 170909092010011340                      05082000000000131920011219X010000000000000000000000000000000000000000000000000000000000000000000000000000000000000000000000000000000000000000000000000000000000000000000000000000000000000          0000000000000000000000000000000000000000000000000000000097
7000000000000000034142000176656307394212345                    3073942001001137570003590AI 02700000000000 170909092010011375                      050820000000000500000132808010000000000000000000000000000000000000000000000000000000000000000000000000000000000000000000000000000000000000000000000000000000000000000000000000000000000000          0000000000000000000000000000000000000000000000000000000098
7000000000000000034142000176656307394212345                    3073942001001137670003590AI 02700000000000 170909092010011376                      050820000000001100000132808010000000000000000000000000000000000000000000000000000000000000000000000000000000000000000000000000000000000000000000000000000000000000000000000000000000000000          0000000000000000000000000000000000000000000000000000000099
7000000000000000034142000176656307394212345                    3073942001001142070003590AI 02700000000000 170909092010011420                      050820000000001133900112386010000000000000000000000000000000000000000000000000000000000000000000000000000000000000000000000000000000000000000000000000000000000000000000000000000000000000          0000000000000000000000000000000000000000000000000000000100
7000000000000000034142000176656307394212345                    3073942001001142670003590AI 02700000000000 170909092010011426                      050820000000001000000112386010000000000000000000000000000000000000000000000000000000000000000000000000000000000000000000000000000000000000000000000000000000000000000000000000000000000000          0000000000000000000000000000000000000000000000000000000101
7000000000000000034142000176656307394212345                    3073942001001150570003590AI 02700000000000 170909092010011505                      050820000000001025000126174010000000000000000000000000000000000000000000000000000000000000000000000000000000000000000000000000000000000000000000000000000000000000000000000000000000000000          0000000000000000000000000000000000000000000000000000000102
7000000000000000034142000176656307394212345                    3073942001001150970003590AI 02700000000000 170909092010011509                      050820000000000700000126174010000000000000000000000000000000000000000000000000000000000000000000000000000000000000000000000000000000000000000000000000000000000000000000000000000000000000          0000000000000000000000000000000000000000000000000000000103
7000000000000000034142000176656307394212345                    3073942001001163770003590AI 02700000000000 170909092010011637                      050820000000001175200103336010000000000000000000000000000000000000000000000000000000000000000000000000000000000000000000000000000000000000000000000000000000000000000000000000000000000000          0000000000000000000000000000000000000000000000000000000104
7000000000000000034142000176656307394212345                    3073942001001171670003590AI 02700000000000 170909092010011716                      050820000000001528500126174010000000000000000000000000000000000000000000000000000000000000000000000000000000000000000000000000000000000000000000000000000000000000000000000000000000000000          0000000000000000000000000000000000000000000000000000000105
9201001          000010560000001546120500000197          000000000000000000000000000000          000000000000000000000000000000          000000000000000000000000000000                                                  000000000000000000000000000000                                                                                                                                                   000106
